@article{Archie1942,
author = "Archie, G. E.",
title = "The electrical resistivity log as an aid in determining some reservoir characteristics",
year    = "1942",
journal = "Petroleum Transactions of the AIME",
volume  = "146",
pages   = "54-62"
}

@misc{spwlawebsite,
author = {SPWLA},
title = {Abstract guidance},
url = {https://www.spwlaworld.org/instructions/},
note = {Accessed: 2021-03-21},
year = {2020}
}

%-----------------------------------------------------------%

@misc{jsstate2021,
author = {State of JS},
title = {{The State of JavaScript 2021 Survey}},
url = {https://stateofjs.com/},
note = {Accessed: 2023-09-23},
year = {2021}
}

@misc{pysftw2021,
author = {{Python Software Foundation}},
title = {Python History and Versions},
url = {https://www.python.org/doc/versions/},
note = {Accessed: 2023-09-23},
year = {2001}
}

@misc{guo2014,
author = {Guo, P.},
title = {Python is Now the Most Popular Introductory Teaching Language at Top U.S. Universities},
url = {https://cacm.acm.org/blogs/blog-cacm/176450-python-is-now-the-most-popular-introductory-teaching-language-at-top-us-universities/fulltext},
note = {Accessed: 2023-09-23},
year = {2014}
}

@misc{usbureau2023,
author = {{U.S. Bureau of Labor Statistics}},
title = {Software Developers: Occupational Outlook Handbook},
url = {https://www.bls.gov/ooh/computer-and-information-technology/software-developers.htm},
note = {Accessed: 2023-09-23},
year = {2023}
}

@misc{weforum2020,
author = {{World Economic Forum}},
title = {The Future of Jobs Report 2020},
url = {https://www.weforum.org/reports/the-future-of-jobs-report-2020},
note = {Accessed: 2023-09-23},
year = {2020}
}

@misc{avantika2022,
author = {Avantika, M.},
title = {Rise of NoSQL and Why It Should Matter to You},
url = {https://www.simplilearn.com/rise-of-nosql-and-why-it-should-matter-to-you-article},
note = {Accessed: 2023-09-23},
year = {2022}
}

@misc{stackoverflow2017,
author = {{Stack Overflow}},
title = {The Incredible Growth of Python},
url = {https://stackoverflow.blog/2017/09/06/incredible-growth-python/},
note = {Accessed: 2023-09-23},
year = {2017}
}

% at the end put # in front of 2019 and 2022

@misc{stackoverflow2019,
author = {{Stack Overflow}},
title = {Developer Survey},
url = {https://survey.stackoverflow.co/2019education-ed-level-learn/},
note = {Accessed: 2023-09-23},
year = {2019}
}

@misc{stackoverflow2022,
author = {{Stack Overflow}},
title = {Developer Survey},
url = {https://survey.stackoverflow.co/2022education-ed-level-learn/},
note = {Accessed: 2023-09-23},
year = {2022}
}

@BOOK{winand2012,
  title     = "{SQL} Performance Explained",
  author    = "Winand, Markus",
  publisher = "Winand, Markus",
  month     =  jul,
  year      =  2012,
  address   = "Vienna, Austria",
  language  = "en"
}

@BOOK{fowler2016,
  title     = "{Production-Ready} Microservices",
  author    = "Fowler, Susan",
  publisher = "O'Reilly Media",
  month     =  dec,
  year      =  2016,
  address   = "Sebastopol, CA",
  language  = "en"
}

Alistair, C., Highsmith. 2001 “Agile software development: The people factor.” Computer 34.11: 131-133.

Fowler, S. J. 2016. Production-Ready Microservices. “O’Reilly Media, Inc.”

Python Software Foundation. "Python History and Versions." Python.org, 2021. Accessed September 13, 2023 https://www.python.org/doc/versions/.